@STRING{allerton= {Annual Allerton Conference on Communication, Control, and
		  Computing (Allerton)} }
@STRING{apr	= {Apr.} }
@STRING{aug	= {Aug.} }
@STRING{ciss	= {Conference on Information Sciences and Systems (CISS)} }
@STRING{dec	= {Dec.} }
@STRING{feb	= {Feb.} }
@STRING{globecom= {IEEE Global Telecommunications Conference (GLOBECOM)} }
@STRING{icc	= {IEEE International Conference on Communications (ICC)} }
@STRING{infocom	= {IEEE INFOCOM} }
@STRING{isit	= {IEEE International Symposium on Information Theory
		  (ISIT)} }
@STRING{itw	= {IEEE Information Theory Workshop (ITW)} }
@STRING{jan	= {Jan.} }
@STRING{jul	= {Jul.} }
@STRING{jun	= {Jun.} }
@STRING{mar	= {Mar.} }
@STRING{may	= {May} }
@STRING{milcom	= {IEEE Military Communications Conference (MILCOM)} }
@STRING{netcod_is={IEEE International Symposium on Network Coding (NetCod)} }
@STRING{netcod_is11={International Symposium on Network Coding (NetCod)} }
@STRING{netcod_ws={Workshop on Network Coding, Theory and Applications
		  (NetCod)} }
@STRING{nov	= {Nov.} }
@STRING{oct	= {Oct.} }
@STRING{rawnet	= {International Workshop on Resource Allocation in Wireless
		  Networks (RAWNET)} }
@STRING{sep	= {Sep.} }
@STRING{sigcomm	= {ACM SIGCOMM} }
@STRING{vtc_spring={IEEE Vehicular Technology Conference (VTC)} }
@STRING{winc	= {Wireless Network Coding (WiNC)} }
@STRING{wiopt	= {International Symposium on Modeling and Optimization in
		  Mobile, Ad Hoc, and Wireless Networks (WiOpt)} }


@TECHREPORT{Postel1981,
  author	= {Postel, J.},
  title		= {{T}ransmission {C}ontrol {P}rotocol},
  institution	= {IETF},
  year		= {1981},
  type		= {RFC},
  number	= {793},
  month		= sep
}

@INPROCEEDINGS{FragouliLunMedardPakzad2007,
  author	= {{F}ragouli, C. and {L}un, D. and {M}edard, M. and {P}akzad, P.},
  booktitle	= ciss,
  title		= {{O}n {F}eedback for {N}etwork {C}oding},
  year		= {2007},
  pages		= {248--252}
}

@Book{Willard2004,
  title		= {{G}eneral {T}opology},
  publisher	= {Dover Publications Inc.},
  year		= {2004},
  author	= {Willard, S.},
}

@Book{Halmos1974,
  title		= {{F}inite-dimension {V}ector {S}paces},
  publisher	= {Van Nostrand},
  year		= {1974},
  author	= {Halmos, P.R.},
  address	= {Princeton, NJ},
  edition	= {2nd}
}

@Article{MiglerMorrisonOgle2006,
  author        = {Migler, T. and Morrison, K.E. and Ogle, M.},
  title         = {{H}ow {M}uch {D}oes a {M}atrix of {R}ank $k$ {W}eigh?},
  journal       = {Mathematics Magazine},
  year          = {2006},
  pages         = {262--271},
  volume        = {79}
}

@InProceedings{AfanasyevSnoeren2009,
  author	= {Afanasyev, M. and Snoeren, A.C.},
  title		= {{T}he {I}mportance of {B}eing {O}verheard: {T}hroughput
		  {G}ains in {W}ireless {M}esh {N}etworks},
  booktitle	= {Proc. ACM SIGCOMM Internet Measurement Conference (IMC)},
  year		= {2009},
  pages		= {384--396},
  month		= nov
}

@Article{AhlswedeCaiLiYeung2000,
  author	= {R.~Ahlswede and N.~Cai and S.-Y.~R.~Li and R.~W.~Yeung},
  title		= {{N}etwork {I}nformation {F}low},
  journal	= ieee_j_it,
  year		= {2000},
  volume	= {46},
  pages		= {1204--1216},
  number	= {4},
  month		= apr
}

@Article{AkyildizWangWang2005,
  author	= {Akyildiz, I.F. and Wang, X. and Wang, W.},
  title		= {{W}ireless {M}esh {N}etworks: {A} {S}urvey},
  journal	= {Computer Networks},
  year		= {2005},
  volume	= {47},
  pages		= {445--487},
  number	= {4}
}

@Article{BennettPartridgeShectman1999,
  author	= {Bennett, J.C.R. and Partridge, C. and Shectman, N.},
  title		= {{P}acket {R}eordering is not {P}athological {N}etwork
		  {B}ehavior},
  journal	= ieee_j_net,
  year		= {1999},
  volume	= {7},
  pages		= {789--798},
  number	= {6},
  month		= dec
}

@Book{BertsekasGallager1992,
  title		= {{D}ata {N}etworks},
  publisher	= {Prentice-Hall},
  year		= {1992},
  author	= {Bertsekas, D. and Gallager, R.},
  address	= {Englewood Cliffs, NJ},
  edition	= {2nd}
}

@InProceedings{BiswasMorris2005,
  author	= {Biswas, S. and Morris, R.},
  title		= {{E}x{OR}: {O}pportunistic {M}ulti-hop {R}outing for
		  {W}ireless {N}etworks},
  booktitle	= sigcomm,
  year		= {2005},
  pages		= {133--144}
}

@InProceedings{CetinkayaKnightly2004,
  author	= {Cetinkaya, C. and Knightly, E.W.},
  title		= {{O}pportunistic {T}raffic {S}cheduling over {M}ultiple
		  {N}etwork {P}aths},
  booktitle	= infocom,
  year		= {2004},
  volume	= {3},
  pages		= {1928--1937},
  month		= mar
}

@MastersThesis{Chachulski2007,
  author	= {Chachulski, S.},
  title		= {{T}rading {S}tructure for {R}andomness in {W}ireless
		  {O}pportunistic {R}outing},
  school	= {Massachusetts Institute of Technology},
  year		= {2007},
  type		= {M.Sc. Thesis}
}

@InProceedings{ChachulskiJenningsKattiKatabi2007,
  author	= {Chachulski, S. and Jennings, M. and Katti, S. and Katabi,
		  D.},
  title		= {{T}rading {S}tructure for {R}andomness in {W}ireless
		  {O}pportunistic {R}outing},
  booktitle	= sigcomm,
  year		= {2007},
  pages		= {169--180}
}

@InProceedings{ChenHoLowChiangDoyle2007,
  author	= {Chen, L. and Ho, T. and Low, S.H. and Chiang, M. and
		  Doyle, J.C.},
  title		= {{O}ptimization {B}ased {R}ate {C}ontrol for {M}ulticast
		  with {N}etwork {C}oding},
  booktitle	= infocom,
  year		= {2007},
  pages		= {1163--1171},
  month		= may
}

@Article{ChoudhuryVaidya2004,
  author	= {Choudhury, R.R. and Vaidya, N.H.},
  title		= {{MAC}-{L}ayer {A}nycasting in {A}d {H}oc {N}etworks},
  journal	= {SIGCOMM Comput. Commun. Rev.},
  year		= {2004},
  volume	= {34},
  pages		= {75--80},
  number	= {1},
  month		= jan,
  issue_date	= {January 2004},
  numpages	= {6}
}

@InProceedings{ChouWuJain2003,
  author	= {Chou, P.A. and Wu, Y. and Jain, K.},
  title		= {{P}ractical {N}etwork {C}oding},
  booktitle	= allerton,
  year		= {2003}
}

@TechReport{Chroboczek2011,
  author	= {Chroboczek, J.},
  title		= {{T}he {B}abel {R}outing {P}rotocol},
  institution	= {IETF},
  year		= {2011},
  type		= {RFC},
  number	= {6126},
  month		= apr
}

@TechReport{ClausenJacquet2003,
  author	= {Clausen, T. and Jacquet, P.},
  title		= {{O}ptimized {L}ink {S}tate {R}outing {P}rotocol ({OLSR})},
  institution	= {IETF},
  year		= {2003},
  type		= {RFC},
  number	= {3626},
  month		= oct,
  howpublished	= {Internet Requests for Comments},
  publisher	= {RFC Editor}
}

@InProceedings{CuiChenHo2008,
  author	= {Cui, T. and Chen, L. and Ho, T.},
  title		= {{E}nergy {E}fficient {O}pportunistic {N}etwork {C}oding
		  for {W}ireless {N}etworks},
  booktitle	= infocom,
  year		= {2008},
  pages		= {361--365},
  month		= apr
}

@Article{CuiChenHo2010,
  author	= {Cui, T. and Chen, L. and Ho, T.},
  title		= {{O}n {D}istributed {S}cheduling in {W}ireless {N}etworks
		  {E}xploiting {B}roadcast and {N}etwork {C}oding},
  journal	= ieee_j_com,
  year		= {2010},
  volume	= {58},
  pages		= {1223--1234},
  number	= {4},
  month		= apr
}

@Article{DeCoutoAguayoBicketMorris2005,
  author	= {De Couto, D.S.J. and Aguayo, D. and Bicket, J. and Morris,
		  R.},
  title		= {{A} {H}igh-{T}hroughput {P}ath {M}etric for {M}ulti-hop
		  {W}ireless {R}outing},
  journal	= {Wireless Networks},
  year		= {2005},
  volume	= {11},
  pages		= {419--434},
  number	= {4},
  month		= jul
}

@InProceedings{DravesPadhyeZill2004,
  author	= {Draves, R. and Padhye, J. and Zill, B.},
  title		= {{R}outing in {M}ulti-radio, {M}ulti-hop {W}ireless {M}esh
		  {N}etworks},
  booktitle	= {Proc. ACM MobiCom},
  year		= {2004},
  pages		= {114--128}
}

@InProceedings{EryilmazLun2007,
  author	= {Eryilmaz, A. and Lun, D.},
  title		= {{C}ontrol for {I}nter-session {N}etwork {C}oding},
  booktitle	= netcod_ws,
  year		= {2007}
}

@InProceedings{FiroiuLauerDeCleeneNanda2010,
  author	= {Firoiu, V. and Lauer, G. and DeCleene, B. and Nanda, S.},
  title		= {{E}xperiences with {N}etwork {C}oding within {MANET}
		  {F}ield {E}xperiments},
  booktitle	= milcom,
  year		= {2010},
  pages		= {1363--1368},
  month		= nov
}

@InBook{FiroiuLauerDeCleeneNanda2012,
  chapter	= {CONCERTO: Experiences with a Real-World MANET System Based
		  on Network Coding},
  pages		= {141--182},
  title		= {{N}etwork {C}oding},
  publisher	= {Academic Press},
  year		= {2012},
  editor	= {Médard, M. and Sprintson, A.},
  author	= {Firoiu, V. and Lauer, G. and DeCleene, B. and Nanda, S.}
}

@InProceedings{GheorghiuToledoRodriguez2010,
  author	= {Gheorghiu, S. and Toledo, A.L. and Rodriguez, P.},
  title		= {{M}ultipath {TCP} with {N}etwork {C}oding for {W}ireless
		  {M}esh {N}etworks},
  booktitle	= icc,
  year		= {2010},
  pages		= {1--5},
  month		= may
}

@Article{HiertzDenteneerMaxTaoriCardonaBerlemannWalke2010,
  author	= {Hiertz, G.R. and Denteneer, D. and Max, S. and Taori, R.
		  and Cardona, J. and Berlemann, L. and Walke, B.},
  title		= {{IEEE} 802.11s: {T}he {WLAN} {M}esh {S}tandard},
  journal	= ieee_m_wc,
  year		= {2010},
  volume	= {17},
  pages		= {104--111},
  number	= {1},
  month		= feb
}

@Article{HoMedardKoetterKargerEffrosShiLeong2006,
  author	= {T.~Ho and M.~Médard and R.~Kötter and D.~R.~Karger and
		  M.~Effros and J.~Shi and B.~Leong},
  title		= {{A} {R}andom {L}inear {N}etwork {C}oding {A}pproach to
		  {M}ulticast},
  journal	= ieee_j_it,
  year		= {2006},
  volume	= {52},
  pages		= {4413--4430},
  number	= {10},
  month		= oct
}

@Article{HoViswanathan2009,
  author	= {Ho, T. and Viswanathan, H.},
  title		= {{D}ynamic {A}lgorithms for {M}ulticast {W}ith
		  {I}ntra-{S}ession {N}etwork {C}oding},
  journal	= ieee_j_it,
  year		= {2009},
  volume	= {55},
  pages		= {797--815},
  number	= {2},
  month		= feb
}

@MastersThesis{HundeboellLedet-Pedersen2011,
  author	= {Hundebøll, M. and Ledet-Pedersen, J.},
  title		= {{I}nter-{F}low {N}etwork {C}oding for {W}ireless {M}esh
		  {N}etworks},
  school	= {Aalborg University},
  year		= {2011}
}

@TechReport{IEEEStd80211-2012,
  author	= {IEEE 802 Standard Working Group},
  title		= {{W}ireless {LAN} {M}edium {A}ccess {C}ontrol {(MAC)} and
		  {P}hysical {L}ayer {(PHY)} {S}pecification},
  institution	= {IEEE},
  year		= {2012},
  type		= {IEEE Std},
  number	= {802.11-2012},
  organization	= {IEEE}
}

@TechReport{IEEEStd802154-2011,
  author	= {IEEE 802 Standard Working Group},
  title		= {{IEEE} {S}tandard for {L}ocal and metropolitan area
		  networks--{P}art 15.4: {L}ow-{R}ate {W}ireless {P}ersonal
		  {A}rea {N}etworks ({LR}-{WPAN}s)},
  institution	= {IEEE},
  year		= {2011},
  type		= {IEEE Std},
  number	= {802.15.4-2011},
  organization	= {IEEE}
}

@Article{JainDas2008,
  author	= {Jain, S. and Das, S.R.},
  title		= {{E}xploiting {P}ath {D}iversity in the {L}ink {L}ayer in
		  {W}ireless {A}d {H}oc {N}etworks},
  journal	= {Ad Hoc Networks},
  year		= {2008},
  volume	= {6},
  pages		= {805--825},
  number	= {5}
}

@Article{JiangWalrand2010,
  author	= {Jiang, L. and Walrand, J.},
  title		= {{A} {D}istributed {CSMA} {A}lgorithm for {T}hroughput and
		  {U}tility {M}aximization in {W}ireless {N}etworks},
  journal	= ieee_j_net,
  year		= {2010},
  volume	= {18},
  pages		= {960--972},
  number	= {3},
  month		= jun
}

@Article{JiangWalrand2011,
  author	= {Jiang, L. and Walrand, J.},
  title		= {{A}pproaching {T}hroughput-{O}ptimality in {D}istributed
		  {CSMA} {S}cheduling {A}lgorithms {W}ith {C}ollisions},
  journal	= ieee_j_net,
  year		= {2011},
  volume	= {19},
  pages		= {816--829},
  number	= {3},
  month		= jun
}

@InProceedings{JohnsonAicheleNtlatlapa2008,
  author	= {Johnson, D.L. and Aichele, C. and Ntlatlapa, N.},
  title		= {{A} {S}imple {P}ragmatic {A}pproach to {M}esh {R}outing
		  {U}sing {BATMAN}},
  booktitle	= {IFIP International Symposium on Wireless Communications
		  and Information Technology in Developing Countries
		  (WCITD)},
  year		= {2008}
}

@TechReport{JohnsonMaltzHu2007,
  author	= {Johnson,D.B. and Maltz, D.A. and Hu, Y.-C.},
  title		= {{T}he {D}ynamic {S}ource {R}outing {P}rotocol ({DSR}) for
		  {M}obile {A}d {H}oc {N}etworks for {IP}v4},
  institution	= {IETF},
  year		= {2007},
  type		= {RFC},
  number	= {4728},
  month		= feb
}

@Article{JooShroff2009,
  author	= {Joo, C. and Shroff, N.B.},
  title		= {{P}erformance of {R}andom {A}ccess {S}cheduling {S}chemes
		  in {M}ulti-{H}op {W}ireless {N}etworks},
  journal	= ieee_j_net,
  year		= {2009},
  volume	= {17},
  pages		= {1481--1493},
  number	= {5},
  month		= oct
}

@InProceedings{KattiGollakotaKatabi2007,
  author	= {S.~Katti and S.~Gollakota and D.~Katabi},
  title		= {{E}mbracing {W}ireless {I}nterference: {A}nalog {N}etwork
		  {C}oding},
  booktitle	= sigcomm,
  year		= {2007},
  address	= {Kyoto},
  month		= aug
}

@InProceedings{KattiKatabiBalakrishnanMedard2008,
  author	= {Katti, S. and Katabi, D. and Balakrishnan, H. and Médard,
		  M.},
  title		= {{S}ymbol-level network coding for wireless mesh networks},
  booktitle	= sigcomm,
  year		= {2008},
  pages		= {401--412}
}

@Article{KattiRahulHuKatabiMedardCrowcroft2008,
  author	= {Katti, S. and Rahul, H. and Hu, W. and Katabi, D. and
		  Médard, M. and Crowcroft, J.},
  title		= {{XOR}s in the {A}ir: {P}ractical {W}ireless {N}etwork
		  {C}oding},
  journal	= ieee_j_net,
  year		= {2008},
  volume	= {16},
  pages		= {497--510},
  number	= {3},
  month		= jun
}

@InProceedings{KhreishahWangShroff2007,
  author	= {Khreishah, A. and Wang, C.-C. and Shroff, N.B.},
  title		= {{C}apacity {R}egions for {M}ultiple {U}nicast {F}lows
		  {U}sing {I}nter-session {N}etwork {C}oding},
  booktitle	= {Proceedings of the 3rd International Conference on
		  Wireless Internet (WICON)},
  year		= {2007},
  pages		= {5:1--5:10},
  address	= {Brussels, Belgium},
  acmid		= {1460054},
  articleno	= {5},
  location	= {Austin, Texas},
  numpages	= {10}
}

@Article{KhreishahWangShroff2009,
  author	= {Khreishah, A. and Wang, C.-C. and Shroff, N.B.},
  title		= {{C}ross-layer {O}ptimization for {W}ireless {M}ultihop
		  {N}etworks with {P}airwise {I}ntersession {N}etwork
		  {C}oding},
  journal	= ieee_j_jsac,
  year		= {2009},
  volume	= {27},
  pages		= {606--621},
  number	= {5},
  month		= jun
}

@Article{KhreishahWangShroff2010,
  author	= {Khreishah, A. and Wang, C.-C. and Shroff, N.B.},
  title		= {{R}ate {C}ontrol {W}ith {P}airwise {I}ntersession
		  {N}etwork {C}oding},
  journal	= ieee_j_net,
  year		= {2010},
  volume	= {18},
  pages		= {816--829},
  number	= {3},
  month		= jun
}

@Article{KoetterKschischang2008,
  author	= {Kötter, R. and Kschischang, F. R.},
  title		= {{C}oding for {E}rrors and {E}rasures in {R}andom {N}etwork
		  {C}oding},
  journal	= ieee_j_it,
  year		= {2008},
  volume	= {54},
  pages		= {3579--3591},
  number	= {8},
  month		= aug
}

@Article{KoetterMedard2003,
  author	= {Kötter, R. and Médard, M.},
  title		= {{A}n {A}lgebraic {A}pproach to {N}etwork {C}oding},
  journal	= ieee_j_net,
  year		= {2003},
  volume	= {11},
  pages		= {782--795},
  number	= {5},
  month		= oct
}

@Article{Larsson2001,
  author	= {Larsson, P.},
  title		= {{S}election {D}iversity {F}orwarding in a {M}ultihop
		  {P}acket {R}adio {N}etwork with {F}ading {C}hannel and
		  {C}apture},
  journal	= {SIGMOBILE Mob. Comput. Commun. Rev.},
  year		= {2001},
  volume	= {5},
  pages		= {47--54},
  month		= oct,
  issue		= {4}
}

@Article{LeeParkChoi2002,
  author	= {Lee, Y. and Park, I. and Choi, Y.},
  title		= {{I}mproving {TCP} {P}erformance in {M}ultipath {P}acket
		  {F}orwarding {N}etworks},
  journal	= {{J}ournal of {C}ommunications and {N}etworks},
  year		= {2002},
  volume	= {4},
  pages		= {148--157}
}

@Article{LeLuiChiu2010,
  author	= {Le, J. and Lui, J.C.S. and Chiu, D.-M.},
  title		= {{DCAR}: {D}istributed {C}oding-{A}ware {R}outing in
		  {W}ireless {N}etworks},
  journal	= ieee_j_mc,
  year		= {2010},
  volume	= {9},
  pages		= {596--608},
  number	= {4},
  month		= apr
}

@InProceedings{LinHuangHuang2010,
  author	= {Lin, Y.-J. and Huang, C.-C. and Huang, J.-L.},
  title		= {{P}ipeline{OR}: {A} {P}ipelined {O}pportunistic {R}outing
		  {P}rotocol with {N}etwork {C}oding in {W}ireless {M}esh
		  {N}etworks},
  booktitle	= vtc_spring,
  year		= {2010},
  pages		= {1--5},
  month		= may
}

@InProceedings{LinLiLiang2008,
  author	= {Lin, Y. and Li, B. and Liang, B.},
  title		= {{C}ode{OR}: {O}pportunistic {R}outing in {W}ireless {M}esh
		  {N}etworks with {S}egmented {N}etwork {C}oding},
  booktitle	= {IEEE International Conference on Network Protocols
		  (ICNP)},
  year		= {2008},
  pages		= {13--22},
  month		= oct
}

@InProceedings{LiRamjeeBuddhikotMiller2007,
  author	= {Li, L. and Ramjee, R. and Buddhikot, M. and Miller, S.},
  title		= {{N}etwork {C}oding-{B}ased {B}roadcast in {M}obile
		  {A}d-hoc {N}etworks},
  booktitle	= infocom,
  year		= {2007},
  pages		= {1739--1747},
  month		= may
}

@Article{LunMedardKoetterEffros2008,
  author	= {Lun, D. S. and Médard, M. and Kötter, R. and Effros,
		  M.},
  title		= {{O}n {C}oding for {R}eliable {C}ommunication over {P}acket
		  {N}etworks},
  journal	= {Physical Communication},
  year		= {2008},
  volume	= {1},
  pages		= {3--20},
  number	= {1}
}

@Article{LunRatnakarMedardKoetterKargerHoAhmedZhao2006,
  author	= {D.~S.~Lun and N.~Ratnakar and M.~Médard and R.~Kötter
		  and D.~R.~Karger and T.~Ho and E.~Ahmed and F.~Zhao},
  title		= {{M}inimum-cost {M}ulticast over {C}oded {P}acket
		  {N}etworks},
  journal	= ieee_j_it,
  year		= {2006},
  volume	= {52},
  pages		= {2608--2623},
  number	= {6},
  month		= jun
}

@InProceedings{MaLeung2004,
  author	= {Ma, C. and Leung, K.-C.},
  title		= {{I}mproving {TCP} {R}eordering {R}obustness in {M}ultipath
		  {N}etworks},
  booktitle	= {IEEE International Conference on Local Computer Networks},
  year		= {2004},
  pages		= {409--410},
  month		= nov
}

@InProceedings{MarinaDas2001,
  author	= {Marina, M.K. and Das, S.R.},
  title		= {{O}n-{D}emand {M}ultipath {D}istance {V}ector {R}outing in
		  {A}d {H}oc {N}etworks},
  booktitle	= {Ninth International Conference on Network Protocols},
  year		= {2001},
  pages		= {14--23},
  month		= nov
}

@Article{NeelyUrgaonkar2009,
  author	= {Neely, M. J. and Urgaonkar, R.},
  title		= {{O}ptimal {B}ackpressure {R}outing for {W}ireless
		  {N}etworks with {M}ulti-{R}eceiver {D}iversity},
  journal	= {Ad Hoc Networks},
  year		= {2009},
  volume	= {7},
  pages		= {862--881},
  number	= {5}
}

@TechReport{OgierTemplinLewis2004,
  author	= {Ogier, R. and Templin, F. and Lewis, M.},
  title		= {{T}opology {D}issemination {B}ased on {R}everse-{P}ath
		  {F}orwarding ({TBRPF})},
  institution	= {IETF},
  year		= {2004},
  type		= {RFC},
  number	= {3684},
  month		= feb,
  howpublished	= {Internet Requests for Comments},
  publisher	= {RFC Editor}
}

@TechReport{PerkinsBelding-RoyerDas1995,
  author	= {Perkins, C. and Belding-Royer, E. and Das, S.},
  title		= {{A}d hoc {O}n-{D}emand {D}istance {V}ector ({AODV})
		  {R}outing},
  institution	= {IETF},
  year		= {1995},
  type		= {RFC},
  number	= {3561},
  month		= jul,
  howpublished	= {Internet Requests for Comments},
  publisher	= {RFC Editor}
}

@InProceedings{PerkinsBhagwat1994,
  author	= {Perkins, C.E. and Bhagwat, P.},
  title		= {{H}ighly {D}ynamic {D}estination-{S}equenced
		  {D}istance-{V}ector {R}outing ({DSDV}) for {M}obile
		  {C}omputers},
  booktitle	= sigcomm,
  year		= {1994},
  pages		= {234--244}
}

@TechReport{QaziGandhiZnati2007,
  author	= {Qazi, I.A. and Gandhi, P. and Znati, T.},
  title		= {{P}erformance {E}valuation of {W}ireless {N}etwork
		  {C}oding under {P}ractical {S}ettings},
  institution	= {Department of Computer Science, University of Pittsburgh},
  year		= {2007},
  type		= {Technical Report},
  number	= {TR-07-150},
  month		= may
}

@Article{RadunovicGkantsidisKeyRodriguez2010,
  author	= {Radunović, B. and Gkantsidis, C. and Key, P. and
		  Rodriguez, P.},
  title		= {{T}oward {P}ractical {O}pportunistic {R}outing {W}ith
		  {I}ntra-{S}ession {N}etwork {C}oding for {M}esh
		  {N}etworks},
  journal	= ieee_j_net,
  year		= {2010},
  volume	= {18},
  pages		= {420--433},
  number	= {2},
  month		= apr
}

@Article{RajawatGatsisGiannakis2011,
  author	= {Rajawat, K. and Gatsis, N. and Giannakis, G.B.},
  title		= {{C}ross-{L}ayer {D}esigns in {C}oded {W}ireless {F}ading
		  {N}etworks {W}ith {M}ulticast},
  journal	= ieee_j_net,
  year		= {2011},
  volume	= {19},
  pages		= {1276--1289},
  number	= {5},
  month		= { }
}

@Article{RankovWittneben2007,
  author	= {Rankov, B. and Wittneben, A.},
  title		= {{S}pectral {E}fficient {P}rotocols for {H}alf-duplex
		  {F}ading {R}elay {C}hannels},
  journal	= ieee_j_jsac,
  year		= {2007},
  volume	= {25},
  pages		= {379--389},
  number	= {2},
  month		= feb
}

@InProceedings{RiemensbergerDotzlerUtschick2009,
  author	= {Riemensberger, M. and Dotzler, A. and Utschick, W.},
  title		= {{F}actorization for {A}dvanced {P}hysical {L}ayer
		  {T}echniques in {N}etwork-{C}oded {W}ireless
		  {C}ommunication {N}etworks},
  booktitle	= winc,
  year		= {2009},
  pages		= {1--6},
  month		= jun
}

@InProceedings{RiemensbergerHeindlmaierDotzlerTraskovUtschick2010,
  author	= {Riemensberger, M. and Heindlmaier, M. and Dotzler, A. and
		  Traskov, D. and Utschick, W.},
  title		= {{O}ptimal {S}lotted {R}andom {A}ccess in {C}oded
		  {W}ireless {P}acket {N}etworks},
  booktitle	= rawnet,
  year		= {2010},
  address	= {Avignon, France},
  month		= jun
}

@InProceedings{RiemensbergerSagduyuHonigUtschick2008,
  author	= {M.~Riemensberger and Y.~E.~Sagduyu and M.~L.~Honig and
		  W.~Utschick},
  title		= {{T}raining {O}verhead for {D}ecoding {R}andom {L}inear
		  {N}etwork {C}odes},
  booktitle	= milcom,
  year		= {2008},
  address	= {San Diego, CA, USA},
  month		= nov
}

@Article{RiemensbergerSagduyuHonigUtschick2009,
  author	= {M.~Riemensberger and Y.~E.~Sagduyu and M.~L.~Honig and
		  W.~Utschick},
  title		= {{T}raining {O}verhead for {D}ecoding {R}andom {L}inear
		  {N}etwork {C}odes in {W}ireless {N}etworks},
  journal	= ieee_j_jsac,
  year		= {2009},
  volume	= {27},
  pages		= {729--737},
  number	= {5},
  month		= jun
}

@InProceedings{RiemensbergerUtschick2011,
  author	= {Riemensberger, M. and Utschick, W.},
  title		= {{R}andom {A}ccess in {C}oded {W}ireless {P}acket
		  {N}etworks: {F}easibility and {D}istributed
		  {O}ptimization},
  booktitle	= wiopt,
  year		= {2011},
  pages		= {102--109},
  address	= {Princeton, NJ, USA},
  month		= may
}

@Unpublished{RiemensbergerUtschick2012,
  author	= {Riemensberger, M. and Utschick, W.},
  title		= {{A} {P}olymatroid {F}low {M}odel for {N}etwork {C}oded
		  {W}ireless {B}roadcast},
  note		= {[submitted to }  # ieee_j_it
		# {, preprint: \url{http://www.msv.ei.tum.de/people/mari/}]},
  year		= {2012}
}

@Article{RoyerToh1999,
  author	= {Royer, E.M. and Toh, C.-K.},
  title		= {{A} {R}eview of {C}urrent {R}outing {P}rotocols for {A}d
		  hoc {M}obile {W}ireless {N}etworks},
  journal	= ieee_m_pcom,
  year		= {1999},
  volume	= {6},
  pages		= {46--55},
  number	= {2},
  month		= apr
}

@Article{SagduyuEphremides2007,
  author	= {Y.~E.~Sagduyu and A.~Ephremides},
  title		= {{O}n {J}oint {MAC} and {N}etwork {C}oding in {W}ireless
		  {A}d {H}oc {N}etworks},
  journal	= ieee_j_it,
  year		= {2007},
  volume	= {53},
  pages		= {3697--3713},
  number	= {10},
  month		= oct
}

@InProceedings{ScheuermannHuCrowcroft2007,
  author	= {Scheuermann, B. and Hu, W. and Crowcroft, J.},
  title		= {{N}ear-{O}ptimal {C}o-{O}rdinated {C}oding in {W}ireless
		  {M}ultihop {N}etworks},
  booktitle	= {Proc. ACM CoNEXT},
  year		= {2007},
  pages		= {1--12}
}

@InProceedings{SeferogluMarkopoulou2010,
  author	= {Seferoglu, H. and Markopoulou, A.},
  title		= {{N}etwork {C}oding-{A}ware {Q}ueue {M}anagement for
		  {U}nicast {F}lows over {C}oded {W}ireless {N}etworks},
  booktitle	= netcod_is,
  year		= {2010},
  pages		= {1--6}
}

@InProceedings{SeferogluMarkopoulouMedard2011,
  author	= {Seferoglu, H. and Markopoulou, A. and Médard, M.},
  title		= {{NCAPQ}: {N}etwork {C}oding-{A}ware {P}riority {Q}ueueing
		  for {UDP} {F}lows over {COPE}},
  booktitle	= netcod_is11,
  year		= {2011},
  pages		= {1--8}
}

@InProceedings{SenguptaRayanchuBanerjee2007,
  author	= {Sengupta, S. and Rayanchu, S. and Banerjee, S.},
  title		= {{A}n {A}nalysis of {W}ireless {N}etwork {C}oding for
		  {U}nicast {S}essions: {T}he {C}ase for {C}oding-{A}ware
		  {R}outing},
  booktitle	= infocom,
  year		= {2007},
  pages		= {1028--1036},
  month		= may
}

@Article{SilvaKschischangKoetter2008,
  author	= {Silva, D. and Kschischang, F.R. and Kötter, R.},
  title		= {{A} {R}ank-{M}etric {A}pproach to {E}rror {C}ontrol in
		  {R}andom {N}etwork {C}oding},
  journal	= ieee_j_it,
  year		= {2008},
  volume	= {54},
  pages		= {3951--3967},
  number	= {9},
  month		= sep
}

@Article{SilvaKschischangKoetter2010,
  author	= {Silva, D. and Kschischang, F.R. and Kötter, R.},
  title		= {{C}ommunication {O}ver {F}inite-{F}ield {M}atrix
		  {C}hannels},
  journal	= ieee_j_it,
  year		= {2010},
  volume	= {56},
  pages		= {1296--1305},
  number	= {3},
  month		= mar
}

@InProceedings{SundararajanShahMedardMitzenmacherBarros2009,
  author	= {Sundararajan, J.K. and Shah, D. and Médard, M. and
		  Mitzenmacher, M. and Barros, J.},
  title		= {{N}etwork {C}oding {M}eets {TCP}},
  booktitle	= infocom,
  year		= {2009},
  pages		= {280--288},
  month		= apr
}

@Article{TraskovHeindlmaierMedardKoetter2012,
  author	= {Traskov, D. and Heindlmaier, M. and Médard, M. and
		  Kötter, R.},
  title		= {{S}cheduling for {N}etwork-{C}oded {M}ulticast},
  journal	= ieee_j_net,
  year		= {2012}
}

@InProceedings{TraskovMedardSadeghiKoetter2009,
  author	= {Traskov, D. and Médard, M. and Sadeghi, P. and Kötter,
		  R.},
  title		= {{J}oint {S}cheduling and {I}nstantaneously {D}ecodable
		  {N}etwork {C}oding},
  booktitle	= globecom,
  year		= {2009},
  pages		= {1--6}
}

@InProceedings{TraskovRatnakarLunKoetterMedard2006,
  author	= {Traskov, D. and Ratnakar, N. and Lun, D.S. and Kötter, R.
		  and Médard, M.},
  title		= {{N}etwork {C}oding for {M}ultiple {U}nicasts: {A}n
		  {A}pproach based on {L}inear {O}ptimization},
  booktitle	= isit,
  year		= {2006},
  pages		= {1758--1762},
  month		= jul
}

@MastersThesis{Vonbun2010,
  author	= {Vonbun, M.},
  title		= {{O}ptimal {O}utage-{R}ate {T}rade-off in {C}oded
		  {W}ireless {P}acket {N}etworks},
  school	= {Associate Institute for Signal Processing, Technische
		  Universität München},
  year		= {2010},
  type		= {Diplomarbeit}
}

@InProceedings{Wang2010a,
  author	= {Wang, C.-C.},
  title		= {{O}n the {C}apacity of {W}ireless 1-{H}op {I}ntersession
		  {N}etwork {C}oding -- {A} {B}roadcast {P}acket {E}rasure
		  {C}hannel {A}pproach},
  booktitle	= isit,
  year		= {2010},
  pages		= {1893--1897},
  month		= jun
}

@InProceedings{WangShroff2008,
  author	= {Wang, C.-C. and Shroff, N.B.},
  title		= {{O}n {W}ireless {N}etwork {S}cheduling with {I}ntersession
		  {N}etwork {C}oding},
  booktitle	= ciss,
  year		= {2008},
  pages		= {30--35},
  month		= mar
}

@InProceedings{WangShroff2009,
  author	= {Wang, C.-C. and Shroff, N.B.},
  title		= {{R}andom {L}inear {I}ntersession {N}etwork {C}oding with
		  {S}elective {C}ancelling},
  booktitle	= itw,
  year		= {2009},
  pages		= {559--563},
  month		= oct
}

@Article{WangShroff2010,
  author	= {Wang, C.-C. and Shroff, N.B.},
  title		= {{P}airwise {I}ntersession {N}etwork {C}oding on {D}irected
		  {N}etworks},
  journal	= ieee_j_it,
  year		= {2010},
  volume	= {56},
  pages		= {3879--3900},
  number	= {8},
  month		= aug
}

@MastersThesis{Wiese2011,
  author	= {Wiese, T.},
  title		= {{S}cheduling with {I}nterference in {C}oded {W}ireless
		  {P}acket {N}etworks},
  school	= {Associate Institute for Signal Processing, Technische
		  Universität München},
  year		= {2011},
  type		= {Diplomarbeit}
}

@InProceedings{WieselthierNguyenEphremides2000,
  author	= {J.~E.~Wieselthier and G.~D.~Nguyen and A.~Ephremides},
  title		= {{O}n the {C}onstruction of {E}nergy-efficient {B}roadcast
		  and {M}ulticast {T}rees in {W}ireless {N}etworks},
  booktitle	= infocom,
  year		= {2000},
  volume	= {2},
  pages		= {585--594}
}

@Article{WuChouKung2005,
  author	= {Wu, Y. and Chou, P.A. and Kung, S.-Y.},
  title		= {{M}inimum-{E}nergy {M}ulticast in {M}obile {A}d {H}oc
		  {N}etworks {U}sing {N}etwork {C}oding},
  journal	= ieee_j_com,
  year		= {2005},
  volume	= {53},
  pages		= {1906--1918},
  number	= {11},
  month		= nov
}

@Article{XiYeh2010,
  author	= {Xi, Y. and Yeh, E. M.},
  title		= {{D}istributed {A}lgorithms for {M}inimum {C}ost
		  {M}ulticast {W}ith {N}etwork {C}oding},
  journal	= ieee_j_net,
  year		= {2010},
  volume	= {18},
  pages		= {379--392},
  number	= {2},
  month		= apr
}

@Article{YangLiLou2011,
  author	= {Yang, Z. and Li, L. and Lou, W.},
  title		= {{R}-{C}ode: {N}etwork {C}oding-based {R}eliable
		  {B}roadcast in {W}ireless {M}esh {N}etworks},
  journal	= {Ad Hoc Networks},
  year		= {2011},
  volume	= {9},
  pages		= {788--798},
  number	= {5}
}

@InProceedings{YeKrishnamurthyTripathi2003,
  author	= {Ye, Z. and Krishnamurthy, S.V. and Tripathi, S.K.},
  title		= {{A} {F}ramework for {R}eliable {R}outing in {M}obile {A}d
		  {H}oc {N}etworks},
  booktitle	= infocom,
  year		= {2003},
  volume	= {1},
  pages		= {270--280}
}

@InProceedings{ZhaoMedard2010,
  author	= {Zhao, F. and Médard, M.},
  title		= {{O}n {A}nalyzing and {I}mproving {COPE} {P}erformance},
  booktitle	= {Information Theory and Applications Workshop (ITA)},
  year		= {2010},
  pages		= {1--6}
}

@Article{ZorziRao2003,
  author	= {Zorzi, M. and Rao, R.R.},
  title		= {{G}eographic {R}andom {F}orwarding ({G}e{R}a{F}) for {A}d
		  {H}oc and {S}ensor {N}etworks: {M}ultihop {P}erformance},
  journal	= ieee_j_mc,
  year		= {2003},
  volume	= {2},
  pages		= {337--348},
  number	= {4}
}
