% Capitalization Remarks: Take care that the title of a reference is put in double curly brackets {{}} to ensure correct captitalization

@MISC{vppwiki:whatis,
  HOWPUBLISHED = "\url{https://wiki.fd.io/view/VPP/What_is_VPP%3F}",
  TITLE = "What is VPP?",
  NOTE = "Accessed on 2019-01-16"
}

@inproceedings{moongen-imc2015,
	author = {{Emmerich}, P. and {Gallenm{\"u}ller}, S. and {Raumer}, D. and {Wohlfart}, F. and {Carle}, G.},
	title = {{MoonGen: A Scriptable High-Speed Packet Generator}},
	booktitle = {Internet Measurement Conference 2015 (IMC'15)},
	year = 2015,
	month = oct,
	address = {Tokyo, Japan}
}

@inproceedings{gallenmuller2015comparison,
  title={Comparison of frameworks for high-performance packet IO},
  author={Gallenm{\"u}ller, Sebastian and Emmerich, Paul and Wohlfart, Florian and Raumer, Daniel and Carle, Georg},
  booktitle={Proceedings of the Eleventh ACM/IEEE Symposium on Architectures for networking and communications systems},
  pages={29--38},
  year={2015},
  organization={IEEE Computer Society}
}

@article{linguaglossa2017high,
  title={High-speed Software Data Plane via Vectorized Packet Processing (Extended Version)},
  author={Linguaglossa, Leonardo and Rossi, Dario and Pontarelli, Salvatore and Barach, Dave and Marjon, Damjan and Pfister, Pierre},
  journal={Tech. Rep.},
  year={2017}
}
