@MISC{vppwiki:1,
	HOWPUBLISHED = "\url{https://wiki.fd.io/view/VPP}",
	AUTHOR = "FD.io",
  TITLE = "VPP Website",
	NOTE = "Accessed on 2018-11-10"
}

@MISC{vppwiki:perfomance,
  HOWPUBLISHED = "\url{https://wiki.fd.io/view/VPP/What_is_VPP%3F#Performance_Expectations}"
}

@MISC{vppwiki:benchmarks,
  HOWPUBLISHED = "\url{https://docs.fd.io/csit/master/trending/introduction/index.html}"
}

@MISC{csitwiki,
  HOWPUBLISHED = "\url{https://wiki.fd.io/view/CSIT}"
}

@MISC{openvswitch:1,
  HOWPUBLISHED = "\url{https://www.openvswitch.org/}",
}

@MISC{linuxrouter:1,
  HOWPUBLISHED = "\url{https://www.linuxjournal.com/article/5826}",
  NOTE = "Linux Router vs Cisco"
}

@MISC{bgphelp:1,
  HOWPUBLISHED = "\url{http://www.bgphelp.com/2017/01/01/bgpsize/}"
}

@MISC{moongen:1,
  HOWPUBLISHED = "\url{https://github.com/emmericp/MoonGen}"
}



@MISC{rfc:benchmarkingipv6,
  HOWPUBLISHED = "\url{https://www.rfc-editor.org/rfc/rfc5180.txt}"
}

@MISC{rfc:routerbenchmarking,
  HOWPUBLISHED = "\url{https://www.ietf.org/rfc/rfc2544.txt}"
}

% emmerich moongen results
@ARTICLE{revisiting-benchmarking:1,
  AUTHOR="Daniel Raumer and Sebastian Gallem√ºller and Florian Wohlfart and
Paul Emmerich and Patrick and and Georg Carle",
  TITLE="Revisiting Benchmarking Methodology
for Interconnect Devices",
  HOWPUBLISHED = "\url{https://www.net.in.tum.de/fileadmin/bibtex/publications/papers/anrw16-final12.pdf}",
  YEAR="2016",
}

% open vSwitch results
@ARTICLE{openvswitch:gym,
  AUTHOR="Raphael Vicente Rosa and Christian Esteve Rothenberg",
  TITLE="Taking Open vSwitch to the Gym: An Automated Benchmarking Approach",
  HOWPUBLISHED = "\url{ojs.sbc.org.br/index.php/wpietf/article/view/3605/3563}",
  YEAR="2017"
}
